2384 3900
341 160 537 239 nnRou.
556 170 639 241 Car.
664 168 724 239 XI.
847 194 914 277 159

122 253 616 343 lacedaemoniorum,
631 270 666 320 ut
684 253 786 322 neutri
807 260 912 329 alteru

122 342 328 425 exprobrent:
349 338 404 407 sed
421 340 546 425 utrique
563 358 668 424 parem
688 342 807 426 experti
825 344 911 411 mise
982 410 987 421 ,

120 426 310 501 nicomiam,
330 424 489 489 unanimes
513 442 576 488 uno
594 440 649 489 ore
673 424 779 491 Deum
804 423 911 495 salutm

122 512 284 575 authorem
302 509 430 573 laudent
446 507 481 573 u
499 505 682 595 glorificent

167 598 208 687 ᾖ.
227 616 284 687 32.
305 596 432 667 Conclu
447 613 476 669 rt
494 597 587 666 enlm
601 594 708 669 'Deus
727 599 844 671 omnia
870 601 909 673 in

120 691 372 766 incredulitate
395 712 404 761 τ
430 710 469 763 ut
490 693 641 763 omnium
660 685 884 788 misereatur.
920 711 925 719 '

155 800 268 867 Omnia
279 800 390 887 graece,
400 818 517 876 omne-s,
527 794 569 861 fic
581 794 685 883 Chrys.
690 798 819 866 Hice&
826 806 910 888 Aug.

118 880 165 959 Ut
182 881 287 949 sensus
311 881 356 947 sit.
380 882 468 949 Miro
481 882 542 948 Dei
572 882 908 967 comilioprocuratam

117 965 279 1052 utriusque
330 968 396 1051 puli
406 968 594 1041 salutemur
604 962 691 1049 prius
704 970 909 1036 concluderet

118 1048 294 1136 &compre
318 1054 447 1118 enderet
464 1068 518 1117 eos
536 1067 644 1114 omnes
661 1052 750 1115 velut
768 1055 912 1137 captivos

116 1152 151 1199 ac
162 1132 219 1199 sibi
237 1133 389 1201 obnoxios
400 1153 459 1219 per
470 1131 741 1209 incredulitatem,
762 1134 793 1199 in
813 1154 909 1221 quam

113 1215 252 1303 pennifit
264 1234 373 1283 omnes
384 1216 524 1282 incidere
535 1212 602 1305 q¹&
615 1229 654 1276 ex
665 1233 727 1299 qua
744 1220 831 1285 nullo
842 1240 908 1288 mo·

85 1382 92 1389 .
114 1302 156 1367 do
167 1298 289 1385 pollent
301 1296 414 1383 seipsos
427 1298 490 1366 suis
507 1294 627 1391 umbus
644 1298 851 1369 eximeret-ut
865 1306 908 1379 fic

112 1382 221 1451 10ch
240 1386 370 1453 haberet
392 1383 551 1448 excellens
580 1396 647 1460 etus
678 1381 909 1471 misericordia.

132 1470 172 1534 ui
191 1482 301 1534 utrum
323 1483 366 1529 ue
388 1465 542 1549 populum
565 1462 696 1531 vinculis
716 1468 816 1555 longae
840 1472 906 1539 infi-

111 1486 251 1617 gelitatis
269 1487 445 1640 abffolutum
465 1548 504 1611 ad
521 1544 615 1641 lidum
633 1563 776 1643 voraret,
793 1552 827 1617 dc
849 1574 908 1640 per

109 1632 175 1701 hoc
196 1634 316 1718 inligne
328 1648 407 1712 opus
421 1632 484 1695 luae
494 1624 735 1709 misericordiae,
752 1630 783 1698 se
795 1636 907 1718 glorio-

106 1712 179 1783 sum
192 1714 382 1781 ostenderet.
396 1714 447 1778 Ex
457 1730 519 1798 qua
532 1712 738 1779 declaratione
748 1730 911 1799 pateaom.

105 1820 188 1877 uer,
206 1798 474 1879 comprehendere
496 1808 667 1881 utrumque
684 1800 858 1881 populum,
876 1802 910 1871 id
979 1848 982 1857 ,

109 1880 178 1960 est,
197 1878 362 1966 utriusque
378 1878 487 1965 populi
504 1878 737 1945 multitudinem
751 1900 762 1958 3
774 1900 836 1949 non
856 1902 907 1949 au-

108 1980 172 2032 tem
193 1963 304 2030 utrius
320 1983 360 2028 ue
384 1961 528 2052 fingulos.
558 1961 694 2030 Tametsi
713 1965 822 2032 verum
841 1965 909 2048 est,

111 2068 222 2114 omnes
240 2045 276 2143 &f
297 1986 432 2134 angulos
450 2049 482 2144 in
499 2045 747 2116 incredulitatem
766 2049 906 2134 laplitmr

107 2131 223 2212 fuisse,
239 2131 296 2196 msr
320 2133 408 2196 Deus
426 2134 465 2196 alr
488 2150 546 2196 uos
570 2148 611 2194 ex
630 2143 763 2216 utroque
785 2135 905 2218 populo

111 2213 164 2281 sut
182 2215 381 2310 msericordir'l
400 2152 613 2281 conlqervallet
634 2213 730 2297 Qudd
747 2218 824 2283 vero
844 2219 904 2298 ait,

110 2315 144 2365 ut
156 2320 290 2365 nmmum
309 2293 502 2380 infimatur,
513 2297 633 2364 constat
645 2299 685 2363 ad
702 2297 838 2384 singntlos
856 2319 905 2366 re·

110 2379 185 2449 feni
195 2401 259 2448 non
271 2380 364 2466 polle.
376 2379 464 2448 Nota
473 2383 601 2446 Paulum
614 2381 716 2446 redire
731 2383 770 2446 ad
778 2381 905 2468 idquod

112 2481 172 2550 rap.
186 2483 216 2548 3.
235 2465 402 2531 intulerat:
422 2483 493 2531 nem
545 2481 654 2529 omnes
673 2463 707 2528 dc
720 2461 849 2532 Graecos
868 2465 905 2536 δι
1005 2489 1014 2514 2

113 2545 236 2631 Judaeos
261 2565 441 2632 peccatores
479 2566 548 2622 e,
575 2564 635 2610 nec
658 2547 796 2628 habere,
816 2545 904 2634 qudd

112 2631 297 2714 glorientur:
310 2633 446 2714 ideoque
458 2629 590 2717 gratuita
601 2629 662 2694 Dei
675 2627 907 2720 iustificatione,

113 2733 182 2799 quae
198 2713 363 2798 perfidem
381 2714 450 2792 est,
468 2731 577 2779 omnes
595 2712 743 2800 indigere.
888 2727 894 2767 ··

156 2813 195 2901 ll.
214 2835 273 2908 33.
301 2818 335 2888 Ο
352 2817 503 2889 altitudo
529 2817 740 2888 diviciarum
761 2812 902 2910 sapien·

115 2908 195 2997 rice,
217 2909 264 2991 ὅ
278 2910 437 3008 scientie
455 2913 554 2987 Dei:
578 2914 684 3008 qudm
713 2914 903 3008 incompre·
967 2955 973 2960 ·

114 3003 298 3098 heufibr‘lia
315 3007 402 3104 sunt
416 3011 558 3101 judicia
578 3011 652 3102 ejus
672 3061 685 3097 ‚
703 3005 748 3087 δέ
764 3009 903 3108 ιήυεβῖν

115 3105 247 3194 gabiles
275 3107 341 3178 viae
362 3105 473 3199 ejus!
754 3117 758 3126 ’

151 3223 383 3292 Exclamatione
404 3227 467 3292 hdc
496 3223 660 3312 profitetur
679 3223 768 3305 sese,
792 3221 845 3288 etsi
871 3221 905 3288 in

116 3321 228 3396 genere
249 3310 383 3381 rationes
399 3308 547 3400 quasdam
565 3307 704 3381 attulerit
721 3306 908 3384 ciceronis,
