2384 3900
276 128 340 181 an
362 108 482 181 Rota.
504 109 615 181 Cea.
639 106 739 186 XIV.
838 116 903 205 185

122 197 206 269 humo
221 196 382 287 perfecte,
400 196 475 266 citm
498 196 598 265 anima
615 194 690 267 effet
714 200 842 269 icame
858 198 904 271 se·

119 282 234 367 ianua,
252 282 308 349 nifi
326 298 429 351 autem
447 297 590 351 mortuus
608 280 705 363 effet,
723 303 786 353 non
805 286 902 355 domi-

119 382 197 433 natus
213 364 288 433 eiiet
298 414 311 449 ‚
322 368 396 453 quia
416 356 834 447 decremmemt‚d0n1inari
847 372 900 444 de·

119 450 183 518 bete
194 470 251 539 per
263 467 419 529 mortem,
436 470 493 539 per
505 470 599 537 quam
610 451 701 519 vivos
714 450 748 522 ἃ
760 468 902 523 mortuus

119 535 250 603 redemit.
287 533 421 603 lnfinuat
449 536 511 603 hic
542 533 691 603 sententia
710 534 903 619 Christum„

119 622 250 706 quamvis
268 618 304 687 stt
320 620 477 687 Dominus
494 623 634 687 omnium
644 618 806 687 hominum
820 666 832 701 ‚
847 641 902 708 pe·

118 706 215 770 culian'
233 718 335 771 tamen
355 704 474 769 ratione
485 700 547 771 esse
558 703 731 773 Dominum
745 705 900 775 bonorum

118 786 147 852 iit
163 787 310 855 fidelium.
326 783 396 854 Hos
413 790 495 855 enim
514 806 577 854 non
590 786 690 855 solum
703 788 757 855 sabi
771 785 900 874 subjecit

115 871 221 956 (quod
240 871 275 938 ὄι
298 870 437 959 tepmbis
453 869 584 971 ipfisque
601 873 796 941 daemonibus
815 892 901 943 com·

115 972 200 1021 mune
218 953 292 1041 est)
307 958 417 1024 verum
430 972 523 1023 ettam
539 957 750 1035 redimendo,
770 956 825 1024 fibi
839 956 899 1025 sen·

113 1054 187 1118 uos,
203 1040 237 1105 id
257 1038 325 1123 cst,
348 1038 516 1108 servientes
542 1038 577 1105 ut
596 1041 777 1107 obedientes
797 1040 901 1118 fecit;

113 1141 169 1189 non
182 1121 282 1190 solium
300 1146 359 1212 pro
377 1140 519 1211 tempore
530 1123 603 1187 vitae
615 1118 793 1207 praesentis,
808 1128 901 1209 cujus

109 1204 181 1273 fines
192 1210 346 1277 excedere
359 1204 555 1293 nonpoiiunt
566 1204 733 1271 servitutes
746 1205 900 1287 numme,

113 1288 162 1356 sed
179 1291 271 1359 etiam
290 1290 456 1377 multetque
473 1286 641 1373 peffettiun
658 1308 716 1376 pto
729 1286 834 1360 secuio
851 1292 899 1361 fu·

110 1385 200 1454 turo,
220 1376 257 1443 itt
275 1366 457 1463 Apocalypst
472 1390 525 1437 22.

149 1474 188 1566 ni.
204 1498 261 1552 to.
276 1476 327 1551 Tu
346 1476 468 1551 autem
488 1473 576 1568 quid
579 1473 725 1567 judicas
736 1470 897 1568 fratrem

38 1573 39 1598 ³
107 1574 244 1647 tuum?
268 1574 346 1646 Aut
364 1590 404 1645 tu
432 1591 546 1667 quare
563 1568 702 1663 spernis
736 1570 899 1667 fratrem

105 1670 240 1743 tuum?
267 1670 395 1741 Omnes
419 1669 510 1740 enim
532 1663 705 1761 stabimus
723 1687 810 1745 ante
830 1673 900 1750 tri·

102 1767 221 1841 buna!
238 1763 380 1861 Christi.
767 1816 770 1823 ,

139 1873 323 1974 compellat
337 1892 402 1939 non
419 1871 680 1949 manducantem,
700 1870 733 1939 id
747 1868 809 1950 est,
828 1863 902 1945 eun'n

103 1962 156 2047 qui
168 1960 201 2026 in
213 1961 277 2026 inde
290 1958 429 2024 infirmus
441 1954 510 2031 est3
530 1953 564 2023 δι
576 1957 815 2024 manducantem
824 1961 902 2046 ailn-

101 2045 230 2132 quitut,
256 2063 288 2130 q.
300 2043 332 2110 d.
353 2042 416 2108 Sed
434 2054 542 2106 nectu
563 2085 577 2119 ‚
627 2041 745 2106 uamuis
768 2039 831 2108 fide
849 2036 900 2110 fir}

101 2123 608 2213 mior‚reprehens10necares‚qu
668 2123 782 2192 infirmi
795 2125 900 2194 fratria

100 2213 311 2280 mirationem
321 2230 383 2277 non
397 2210 534 2288 habeas,
560 2228 596 2274 ac
610 2205 739 2277 salutem
753 2211 819 2290 ejus
833 2207 897 2277 not't

103 2313 215 2369 cures„
234 2295 270 2364 itt
282 2296 337 2380 qui
348 2293 568 2372 manducando
583 2289 763 2360 scandalum
778 2293 807 2357 ei
820 2312 898 2378 prae·

100 2380 181 2450 beas.
200 2377 343 2448 Fratrem
360 2397 423 2446 non
441 2377 645 2462 judicandum
663 2375 724 2442 elie
743 2376 837 2442 decet
856 2394 897 2443 ex

103 2483 139 2533 eu
156 2467 244 2550 quod
264 2461 407 2551 Christus
425 2460 471 2528 est
488 2460 629 2528 omnium
642 2459 780 2526 nostrum
793 2457 900 2543 judeu'.

101 2553 211 2628 Omnes
222 2548 347 2616 sistendi
366 2544 470 2612 sumus
481 2542 666 2610 adtribunal
678 2541 898 2628 Christi‚nimi·
1030 2631 1036 2646 ἢ

99 2632 166 2702 rum
178 2635 265 2701 abeo
278 2647 425 2717 tanquam
435 2627 575 2696 omnium
582 2624 721 2694 Domino
730 2625 899 2710 judicandi,

99 2717 213 2804 iudicio
237 2713 476 2788 retributionist
495 2708 630 2778 sednon
649 2729 757 2778 omnes
779 2709 900 2796 judicio

102 2800 298 2872 discutionis.
316 2797 427 2862 Mani.
438 2813 487 2878 tu
499 2796 541 2864 de
552 2813 614 2882 qua
626 2812 660 2860 re
675 2810 770 2884 agunt
787 2793 898 2863 Theo·

102 2885 163 2977 rogi
184 2890 243 2970 14
256 2877 534 2969 [ammirati-47.
810 2899 814 2908 ·

140 2991 180 3082 ni.
194 3013 251 3065 tt.
266 2988 447 3082 Scriptum
457 2985 503 3082 esi
512 2986 604 3059 enim
615 2987 715 3057 :vivo
726 3007 799 3082 ego,
807 2983 897 3058 utcu

101 3087 279 3164 Dominus
300 3139 313 3175 ‚
332 3085 497 3181 quoniam
516 3085 605 3155 mihi
618 3075 780 3176 fleuetur
798 3105 896 3156 omne

101 3211 218 3286 genu:
238 3183 286 3268 &²
299 3183 408 3257 omnis
418 3182 553 3278 lingua
571 3177 796 3274 confitebitur
807 3178 895 3252 Daoi

137 3285 768 3392 seriptumssenim,‚1fia45.enro‚ego,
786 3289 820 3366 id
832 3285 897 3376 est,
