2384 3900
263 191 326 239 nn
350 165 692 236 Concrthil.
819 179 885 256 293

100 260 234 326 vocanda
250 255 383 342 postulet
401 256 443 320 ita
457 252 535 319 sieri.
558 254 603 317 Et
618 251 669 316 vir
687 270 812 320 uxorem
829 273 885 318 noa

102 342 253 416 dimittat,
283 338 338 404 nist
356 339 398 402 ob
413 335 649 404 fornicationem
680 353 689 398 τ
721 351 792 400 nam
815 336 885 400 haec

102 422 211 490 Chn'sti
224 426 277 492 lex
290 421 345 488 est.
355 423 397 486 Et
408 417 538 505 separari
550 415 615 482 stve
626 416 784 484 discedere
796 413 886 504 aqud

102 508 164 572 uiro
175 507 286 572 tribuit
297 523 334 570 ac
344 503 469 571 mulieri
489 522 498 566 :
519 520 560 568 ex
574 501 667 589 Estio.

145 609 182 696 s·
205 629 260 682 12.
281 608 383 681 Nam
402 608 525 678 ceteris
543 629 602 705 ego
621 605 719 691 dico,
742 629 809 676 non
828 606 885 677 da·

104 709 224 779 minus.
251 706 292 779 Si
331 707 386 777 uis
396 701 525 798 frater
543 725 689 774 uxorem
707 701 813 774 habet
829 704 884 772 in-

97 801 257 897 fidelem,
280 729 330 882 {s
344 803 416 874 baec
433 797 596 895 consentit
615 797 785 871 habitare
804 821 882 870 cum

100 901 175 987 isso,
198 925 267 972 non
280 901 423 972 dimitat
440 898 554 969 islam.

135 1014 268 1092 ceteris,
286 1014 320 1079 id
339 1011 406 1091 est,
424 1009 606 1076 Christianis
616 1011 800 1076 habentibus
813 1029 885 1076 con·

100 1097 185 1180 iuges
208 1097 374 1169 infideiea3
410 1093 527 1178 quibus
555 1089 673 1158 scilicet
696 1109 764 1158 ante
787 1093 886 1160 fidem

99 1177 210 1244 Christi
224 1178 394 1264 susceptam
402 1177 691 1256 fuerantconjttnc'ti
716 1195 724 1239 ε
749 1197 800 1262 ego
819 1174 884 1242 sua·
1019 1185 1020 1192 ’

99 1261 176 1341 deo,
200 1267 328 1340 hortor,
351 1277 484 1336 moneo,
509 1275 573 1322 non
589 1259 672 1324 enim
690 1258 792 1326 habeo
807 1281 884 1346 prm-

99 1361 222 1431 ceptum
239 1344 394 1423 Domini,
425 1341 511 1427 quod
530 1340 568 1404 iis
585 1343 768 1410 annunciem
799 1363 807 1409 :
841 1347 887 1412 ita

96 1421 883 1514 nq.1ib..1.d0jim.1)om.cap.16.nThom.&Se·

94 1513 155 1577 dul.
181 1511 277 1596 Juxta
295 1531 376 1596 quos
394 1527 459 1575 non
479 1525 564 1592 praec
605 1521 695 1604 tum,
720 1508 774 1577 sed
791 1513 884 1578 conii

94 1593 170 1662 lium
183 1594 247 1674 est,
271 1614 313 1660 ne
325 1592 427 1660 fidelis
439 1593 533 1659 con'u
555 1607 604 1656 em
616 1592 771 1660 nfidelem
785 1597 885 1663 dimit·

93 1679 192 1756 tat,fi
205 1676 374 1743 consentiat
385 1679 491 1740 iteum
499 1611 544 1740 ita

92 1760 127 1822 in
145 1761 285 1830 Ecclesia
301 1759 476 1848 permissum
493 1757 578 1837 fuit,
611 1773 647 1824 ut
664 1757 765 1825 fidelis
783 1763 885 1845 conju-

115 1860 167 1908 ern
187 1841 367 1922 infidelem,
390 1844 441 1908 cui
460 1841 492 1906 in
509 1842 687 1929 paganismo
706 1845 887 1923 coniuntius

88 1861 197 1993 suerat
207 1923 320 2013 absque
333 1925 488 2024 religionis
500 1925 612 2011 injuria
623 1943 817 1995 commanere
835 1943 889 1995 uo·

92 2009 227 2091 lentem,
247 2010 308 2079 ise
320 2014 489 2079 dimitteret
501 2029 509 2074 :
522 2028 562 2075 ne
574 2011 763 2079 consufionis
775 2030 811 2079 ac
824 2028 887 2081 tur·

92 2092 223 2161 badonis
241 2098 468 2183 domorumque
489 2094 654 2163 eversionis
672 2093 763 2183 caus'a
789 2098 887 2167 iuui-

94 2195 133 2263 go
144 2180 334 2261 judicaretur
344 2180 406 2251 Det
418 2182 539 2258 culnia,
551 2178 651 2265 inquit
663 2183 883 2271 Oecmni’rop

94 2265 176 2330 terei
192 2266 338 2353 prohibet
356 2268 467 2330 Paulas
485 2282 540 2329 eos
579 2264 612 2329 ui
630 2266 709 2333 nat‘ii
726 2262 798 2333 sunt
816 2270 884 2337 infi-

94 2344 194 2427 deles,
216 2349 289 2416 nei
307 2348 535 2415 cohabitatione
554 2284 577 2415 s

95 2430 174 2497 enim
191 2434 232 2499 de
244 2434 292 2500 his
306 2438 408 2530 legem
425 2432 555 2509 statuit,
579 2434 635 2579 aui
653 2434 792 2503 nondum
810 2456 882 2505 con-

95 2521 250 2583 mittunt
266 2518 519 2591 mammoninm3
550 2511 581 2577 se
630 2516 670 2582 de
688 2518 737 2583 his
761 2519 816 2605 qui
841 2522 881 2593 ad

96 2599 303 2697 conjugiajam
314 2610 533 2685 pervenerunt
545 2596 707 2681 Siquidem
719 2620 780 2668 non
792 2604 882 2671 dixit:

95 2676 124 2741 Si
137 2686 285 2765 quisunt
298 2684 439 2767 accipere
450 2680 608 2746 infidelem
616 2726 626 2757 ,
634 2677 819 2773 sed‚stquis
829 2691 881 2754 ha·

93 2762 146 2827 iet.
162 2765 463 2853 Contingcbatenim
476 2764 554 2830 utin
567 2766 711 2854 conjugio
723 2786 803 2837 unus
816 2774 885 2841 cre}

95 2844 176 2914 deret
197 2869 205 2915 :
227 2853 306 2917 aiter
322 2866 387 2915 non
404 2850 555 2915 crederet.
578 2848 667 2930 Alii,
688 2856 819 2937 uteris,
838 2861 880 2928 ad

94 2922 456 3023 supermundanam
477 2933 655 3023 intelligunt
673 2958 730 3004 noar
754 2956 884 3026 nuptos;

93 3025 158 3080 nam
171 3017 211 3081 de
223 3019 293 3100 conj
356 3016 395 3080 tis
404 3014 546 3098 proximi
557 3032 662 3104 egerat
682 3038 691 3083 τ
716 3036 753 3089 ut
766 3022 885 3091 sttsen·

94 3087 151 3158 sus.
169 3099 309 3166 crccrisi
344 3100 400 3178 est,
410 3120 467 3163 non
478 3100 591 3180 nuptis,
601 3120 654 3185 ega
665 3102 739 3180 dico,
750 3107 879 3187 studeo,

93 3193 146 3241 svn
159 3184 307 3251 Dominus
316 3182 479 3269 pracepit:
493 3181 575 3247 &sie
587 3186 675 3266 quod
686 3182 823 3270 sequitur
836 3194 877 3260 de

92 3252 180 3329 fratre
196 3284 327 3333 uxorem
340 3268 475 3331 habente
488 3262 646 3330 infidelem
665 3265 819 3337 diversum
834 3292 880 3341 ar·

94 3347 480 3422 nmmtmestzeatenas
489 3360 593 3501 talen
611 3351 772 3433 coharena
805 3357 898 3434 illisu·

577 1689 649 1740 tare.
661 1673 704 1740 At
716 1695 885 1762 numquam

576 2348 741 2416 ividantut.
765 2348 884 2438 Neque
